<record><leader>00000cas a2200000 a 4500</leader><controlfield tag="001">10350568</controlfield><controlfield tag="008">840128d18131818nyuwr ne      0    0eng c</controlfield><datafield ind1=" " ind2=" " tag="010"><subfield code="a">sn 84026228 </subfield></datafield><datafield ind1=" " ind2=" " tag="040"><subfield code="a">NPU</subfield><subfield code="b">eng</subfield><subfield code="c">NPU</subfield><subfield code="d">DLC</subfield><subfield code="d">NPA</subfield><subfield code="d">NPX</subfield><subfield code="d">DLC</subfield><subfield code="d">NJW</subfield><subfield code="d">NYS</subfield><subfield code="d">YOX</subfield><subfield code="d">NYS</subfield><subfield code="d">DLC</subfield><subfield code="d">OCL</subfield><subfield code="d">NYS</subfield><subfield code="d">KRTAS</subfield><subfield code="d">OCLCQ</subfield><subfield code="d">OCLCF</subfield><subfield code="d">OCLCO</subfield></datafield><datafield ind1=" " ind2=" " tag="042"><subfield code="a">pcc</subfield></datafield><datafield ind1=" " ind2=" " tag="043"><subfield code="a">n-us-ny</subfield></datafield><datafield ind1="0" ind2="0" tag="050"><subfield code="a">Newspaper</subfield></datafield><datafield ind1="0" ind2=" " tag="130"><subfield code="a">Madison County herald (Peterboro, N.Y.)</subfield></datafield><datafield ind1="1" ind2="0" tag="245"><subfield code="a">Madison County herald.</subfield></datafield><datafield ind1=" " ind2=" " tag="260"><subfield code="a">Peterboro :</subfield><subfield code="b">J. Bunce</subfield></datafield><datafield ind1=" " ind2=" " tag="300"><subfield code="a">v. ;</subfield><subfield code="c">49 cm.</subfield></datafield><datafield ind1=" " ind2=" " tag="310"><subfield code="a">Weekly</subfield></datafield><datafield ind1="1" ind2=" " tag="362"><subfield code="a">Began in 1813; ceased in 1818.</subfield></datafield><datafield ind1="4" ind2=" " tag="510"><subfield code="a">C.S. Brigham, Early American newspapers</subfield><subfield code="c">p. 718</subfield></datafield><datafield ind1=" " ind2=" " tag="530"><subfield code="a">Also issued in microform from Readex Microprint Corp.</subfield></datafield><datafield ind1=" " ind2=" " tag="588"><subfield code="a">Description based on: Vol. 2, no. 63 (July 14, 1814).</subfield></datafield><datafield ind1=" " ind2="0" tag="651"><subfield code="a">Peterboro (N.Y.)</subfield><subfield code="v">Newspapers.</subfield></datafield><datafield ind1=" " ind2="0" tag="651"><subfield code="a">Madison County (N.Y.)</subfield><subfield code="v">Newspapers.</subfield></datafield><datafield ind1=" " ind2="7" tag="655"><subfield code="a">Newspapers.</subfield><subfield code="2">fast</subfield><subfield code="0">(OCoLC)fst01423814</subfield></datafield><datafield ind1=" " ind2="7" tag="651"><subfield code="a">New York (State)</subfield><subfield code="z">Madison County.</subfield><subfield code="2">fast</subfield><subfield code="0">(OCoLC)fst01209190</subfield></datafield><datafield ind1=" " ind2="7" tag="651"><subfield code="a">New York (State)</subfield><subfield code="z">Peterboro.</subfield><subfield code="2">fast</subfield><subfield code="0">(OCoLC)fst01272212</subfield></datafield><datafield ind1=" " ind2=" " tag="752"><subfield code="a">United States</subfield><subfield code="b">New York</subfield><subfield code="c">Madison</subfield><subfield code="d">Peterboro.</subfield></datafield><datafield ind1="0" ind2="0" tag="780"><subfield code="t">Freeholder (Peterboro, N.Y.)</subfield><subfield code="w">(DLC)sn 85026964</subfield><subfield code="w">(OCoLC)12834623</subfield></datafield><datafield ind1=" " ind2=" " tag="938"><subfield code="a">Kirtas Technologies, Inc.</subfield><subfield code="b">KRTS</subfield><subfield code="n">738103</subfield></datafield></record>